@String(PAMI = {IEEE Trans. Pattern Anal. Mach. Intell.})
@String(IJCV = {Int. J. Comput. Vis.})
@String(CVPR= {IEEE Conf. Comput. Vis. Pattern Recog.})
@String(ICCV= {Int. Conf. Comput. Vis.})
@String(ECCV= {Eur. Conf. Comput. Vis.})
@String(NIPS= {Adv. Neural Inform. Process. Syst.})
@String(ICPR = {Int. Conf. Pattern Recog.})
@String(BMVC= {Brit. Mach. Vis. Conf.})
@String(TOG= {ACM Trans. Graph.})
@String(TIP  = {IEEE Trans. Image Process.})
@String(TVCG  = {IEEE Trans. Vis. Comput. Graph.})
@String(TMM  = {IEEE Trans. Multimedia})
@String(ACMMM= {ACM Int. Conf. Multimedia})
@String(ICME = {Int. Conf. Multimedia and Expo})
@String(ICASSP=	{ICASSP})
@String(ICIP = {IEEE Int. Conf. Image Process.})
@String(ACCV  = {ACCV})
@String(ICLR = {Int. Conf. Learn. Represent.})
@String(IJCAI = {IJCAI})
@String(PR   = {Pattern Recognition})
@String(AAAI = {AAAI})
@String(CVPRW= {IEEE Conf. Comput. Vis. Pattern Recog. Worksh.})
@String(CSVT = {IEEE Trans. Circuit Syst. Video Technol.})

@String(SPL	= {IEEE Sign. Process. Letters})
@String(VR   = {Vis. Res.})
@String(JOV	 = {J. Vis.})
@String(TVC  = {The Vis. Comput.})
@String(JCST  = {J. Comput. Sci. Tech.})
@String(CGF  = {Comput. Graph. Forum})
@String(CVM = {Computational Visual Media})


@String(PAMI  = {IEEE TPAMI})
@String(IJCV  = {IJCV})
@String(CVPR  = {CVPR})
@String(ICCV  = {ICCV})
@String(ECCV  = {ECCV})
@String(NIPS  = {NeurIPS})
@String(ICPR  = {ICPR})
@String(BMVC  =	{BMVC})
@String(TOG   = {ACM TOG})
@String(TIP   = {IEEE TIP})
@String(TVCG  = {IEEE TVCG})
@String(TCSVT = {IEEE TCSVT})
@String(TMM   =	{IEEE TMM})
@String(ACMMM = {ACM MM})
@String(ICME  =	{ICME})
@String(ICASSP=	{ICASSP})
@String(ICIP  = {ICIP})
@String(ACCV  = {ACCV})
@String(ICLR  = {ICLR})
@String(IJCAI = {IJCAI})
@String(PR = {PR})
@String(AAAI = {AAAI})
@String(CVPRW= {CVPRW})
@String(CSVT = {IEEE TCSVT})

@article{park2019specaugment,
  title={Specaugment: A simple data augmentation method for automatic speech recognition},
  author={Park, Daniel S and Chan, William and Zhang, Yu and Chiu, Chung-Cheng and Zoph, Barret and Cubuk, Ekin D and Le, Quoc V},
  journal={arXiv preprint arXiv:1904.08779},
  year={2019}
}

@article{zhang2017mixup,
  title={mixup: Beyond empirical risk minimization},
  author={Zhang, Hongyi and Cisse, Moustapha and Dauphin, Yann N and Lopez-Paz, David},
  journal={arXiv preprint arXiv:1710.09412},
  year={2017}
}

@inproceedings{yun2019cutmix,
  title={Cutmix: Regularization strategy to train strong classifiers with localizable features},
  author={Yun, Sangdoo and Han, Dongyoon and Oh, Seong Joon and Chun, Sanghyuk and Choe, Junsuk and Yoo, Youngjoon},
  booktitle={Proceedings of the IEEE/CVF international conference on computer vision},
  pages={6023--6032},
  year={2019}
}

@article{eisemann2004flash,
  title={Flash photography enhancement via intrinsic relighting},
  author={Eisemann, Elmar and Durand, Fr{\'e}do},
  journal={ACM transactions on graphics (TOG)},
  volume={23},
  number={3},
  pages={673--678},
  year={2004},
  publisher={ACM New York, NY, USA}
}

@article{petschnigg2004digital,
  title={Digital photography with flash and no-flash image pairs},
  author={Petschnigg, Georg and Szeliski, Richard and Agrawala, Maneesh and Cohen, Michael and Hoppe, Hugues and Toyama, Kentaro},
  journal={ACM transactions on graphics (TOG)},
  volume={23},
  number={3},
  pages={664--672},
  year={2004},
  publisher={ACM New York, NY, USA}
}

@article{veaux2017cstr,
  title={CSTR VCTK corpus: English multi-speaker corpus for CSTR voice cloning toolkit},
  author={Veaux, Christophe and Yamagishi, Junichi and MacDonald, Kirsten and others},
  journal={University of Edinburgh. The Centre for Speech Technology Research (CSTR)},
  year={2017}
}

@inproceedings{thiemann2013diverse,
  title={The diverse environments multi-channel acoustic noise database (demand): A database of multichannel environmental noise recordings},
  author={Thiemann, Joachim and Ito, Nobutaka and Vincent, Emmanuel},
  booktitle={Proceedings of Meetings on Acoustics ICA2013},
  volume={19},
  number={1},
  pages={035081},
  year={2013},
  organization={Acoustical Society of America}
}

@article{snyder2015musan,
  title={Musan: A music, speech, and noise corpus},
  author={Snyder, David and Chen, Guoguo and Povey, Daniel},
  journal={arXiv preprint arXiv:1510.08484},
  year={2015}
}

@inproceedings{snyder2018x,
  title={X-vectors: Robust dnn embeddings for speaker recognition},
  author={Snyder, David and Garcia-Romero, Daniel and Sell, Gregory and Povey, Daniel and Khudanpur, Sanjeev},
  booktitle={2018 IEEE international conference on acoustics, speech and signal processing (ICASSP)},
  pages={5329--5333},
  year={2018},
  organization={IEEE}
}

@article{chi1999spectro,
  title={Spectro-temporal modulation transfer functions and speech intelligibility},
  author={Chi, Taishih and Gao, Yujie and Guyton, Matthew C and Ru, Powen and Shamma, Shihab},
  journal={The Journal of the Acoustical Society of America},
  volume={106},
  number={5},
  pages={2719--2732},
  year={1999},
  publisher={Acoustical Society of America}
}

@article{singh2003modulation,
  title={Modulation spectra of natural sounds and ethological theories of auditory processing},
  author={Singh, Nandini C and Theunissen, Fr{\'e}d{\'e}ric E},
  journal={The Journal of the Acoustical Society of America},
  volume={114},
  number={6},
  pages={3394--3411},
  year={2003},
  publisher={Acoustical Society of America}
}

@inproceedings{jaitly2013vocal,
  title={Vocal tract length perturbation (VTLP) improves speech recognition},
  author={Jaitly, Navdeep and Hinton, Geoffrey E},
  booktitle={Proc. ICML Workshop on Deep Learning for Audio, Speech and Language},
  volume={117},
  pages={21},
  year={2013}
}

@inproceedings{ko2015audio,
  title={Audio augmentation for speech recognition},
  author={Ko, Tom and Peddinti, Vijayaditya and Povey, Daniel and Khudanpur, Sanjeev},
  booktitle={Sixteenth annual conference of the international speech communication association},
  year={2015}
}

@article{salamon2017deep,
  title={Deep convolutional neural networks and data augmentation for environmental sound classification},
  author={Salamon, Justin and Bello, Juan Pablo},
  journal={IEEE Signal processing letters},
  volume={24},
  number={3},
  pages={279--283},
  year={2017},
  publisher={IEEE}
}

@article{wang2021specaugment++,
  title={Specaugment++: A hidden space data augmentation method for acoustic scene classification},
  author={Wang, Helin and Zou, Yuexian and Wang, Wenwu},
  journal={arXiv preprint arXiv:2103.16858},
  year={2021}
}